[gd_scene load_steps=17 format=2]

[ext_resource path="res://playerJJ/PlayerFSMJJ.gd" type="Script" id=1]
[ext_resource path="res://graphics/player/Idle0.png" type="Texture" id=2]
[ext_resource path="res://graphics/player/Run0.png" type="Texture" id=3]
[ext_resource path="res://graphics/player/Run1.png" type="Texture" id=4]
[ext_resource path="res://graphics/player/Run2.png" type="Texture" id=5]
[ext_resource path="res://graphics/player/Run3.png" type="Texture" id=6]
[ext_resource path="res://graphics/player/Run4.png" type="Texture" id=7]
[ext_resource path="res://graphics/player/Run7.png" type="Texture" id=8]
[ext_resource path="res://graphics/player/Jump1.png" type="Texture" id=9]
[ext_resource path="res://graphics/player/Jump3.png" type="Texture" id=10]
[ext_resource path="res://graphics/player/Jump4.png" type="Texture" id=11]
[ext_resource path="res://scenes/ParallaxSky.tscn" type="PackedScene" id=12]
[ext_resource path="res://playerJJ/state_idle.gd" type="Script" id=13]
[ext_resource path="res://playerJJ/state_move.gd" type="Script" id=14]

[sub_resource type="SpriteFrames" id=1]

animations = [ {
"frames": [ ExtResource( 2 ) ],
"loop": true,
"name": "Idle",
"speed": 5.0
}, {
"frames": [ ExtResource( 3 ), ExtResource( 4 ), ExtResource( 5 ), ExtResource( 6 ), ExtResource( 7 ), ExtResource( 8 ) ],
"loop": true,
"name": "Run",
"speed": 10.0
}, {
"frames": [ ExtResource( 9 ) ],
"loop": true,
"name": "Jump",
"speed": 5.0
}, {
"frames": [ ExtResource( 10 ), ExtResource( 11 ) ],
"loop": true,
"name": "Fall",
"speed": 5.0
} ]

[sub_resource type="RectangleShape2D" id=2]

custom_solver_bias = 0.0
extents = Vector2( 14, 28 )

[node name="PlayerFSMJJ" type="KinematicBody2D" index="0"]

input_pickable = false
collision_layer = 1
collision_mask = 1
collision/safe_margin = 0.08
script = ExtResource( 1 )
_sections_unfolded = [ "Transform" ]
__meta__ = {
"_edit_group_": true
}

[node name="Sprite" type="AnimatedSprite" parent="." index="0"]

frames = SubResource( 1 )
animation = "Idle"
playing = true

[node name="CollisionShape2D" type="CollisionShape2D" parent="." index="1"]

position = Vector2( 0, 4 )
shape = SubResource( 2 )
_sections_unfolded = [ "Transform" ]

[node name="Camera2D" type="Camera2D" parent="." index="2"]

anchor_mode = 1
rotating = false
current = true
zoom = Vector2( 1, 1 )
limit_left = -10000000
limit_top = -10000000
limit_right = 10000000
limit_bottom = 10000000
limit_smoothed = false
drag_margin_h_enabled = true
drag_margin_v_enabled = true
smoothing_enabled = false
smoothing_speed = 5.0
offset_v = 0.0
offset_h = 0.0
drag_margin_left = 0.2
drag_margin_top = 0.2
drag_margin_right = 0.2
drag_margin_bottom = 0.2
editor_draw_screen = true
editor_draw_limits = false
editor_draw_drag_margin = false
_sections_unfolded = [ "Smoothing" ]

[node name="ParallaxSky" parent="Camera2D" index="0" instance=ExtResource( 12 )]

[node name="States" type="Node" parent="." index="3"]

[node name="Idle" type="Node" parent="States" index="0"]

script = ExtResource( 13 )

[node name="Move" type="Node" parent="States" index="1"]

script = ExtResource( 14 )
MAX_WALK_SPEED = 450
MAX_RUN_SPEED = 700


